@inproceedings{Zezulka_2024, series={FAccT ’24},
   title={From the Fair Distribution of Predictions to the Fair Distribution of Social Goods: Evaluating the Impact of Fair Machine Learning on Long-Term Unemployment},
   url={http://dx.doi.org/10.1145/3630106.3659020},
   DOI={10.1145/3630106.3659020},
   booktitle={The 2024 ACM Conference on Fairness, Accountability, and Transparency},
   publisher={ACM},
   author={Zezulka, Sebastian and Genin, Konstantin},
   year={2024},
   month=jun, pages={1984–2006},
   collection={FAccT ’24} }
