@misc{nature_ai_policies,
  author       = {{Nature Portfolio}},
  title        = {Artificial Intelligence (AI) | Editorial Policies},
  howpublished = {\url{https://www.nature.com/nature-portfolio/editorial-policies/ai}},
  note         = {Accessed: 2025-05-06}
}
@misc{cambridge_ai_policies,
  author       = {{Cambridge University Press}},
  title        = {Authorship and Contributorship for Journals},
  howpublished = {\url{https://www.cambridge.org/core/services/publishing-ethics/authorship-and-contributorship-journals}},
  note         = {Accessed: 2025-05-06}
}
