@report{Smith_2018,
  title        = {Public Attitudes Toward Computer Algorithms},
  author       = {Aaron Smith},
  institution  = {Pew Research Center},
  year         = {2018},
  month        = {November},
  url          = {https://www.pewresearch.org/internet/2018/11/16/public-attitudes-toward-computer-algorithms/},
  note         = {Accessed: 2025-01-12}
}

@article{Angwin_2016,
  title   = {Machine Bias: There's Software Used Across the Country to Predict Future Criminals. And It's Biased Against Blacks.},
  author  = {Julia Angwin and Jeff Larson and Surya Mattu and Lauren Kirchner},
  journal = {ProPublica},
  year    = {2016},
  month   = {May},
  day     = {23},
  url     = {https://www.propublica.org/article/machine-bias-risk-assessments-in-criminal-sentencing},
  note    = {Accessed: 2025-01-12}
}

@misc{Hertweck_2024,
    title={What's Distributive Justice Got to Do with It? Rethinking Algorithmic Fairness from the Perspective of Approximate Justice}, 
    author={Corinna Hertweck and Christoph Heitz and Michele Loi},
    year={2024},
    eprint={2407.12488},
    archivePrefix={arXiv},
    primaryClass={cs.CY},
    url={https://arxiv.org/abs/2407.12488}, 
}

@misc{Kuppler_2021,
    title={Distributive Justice and Fairness Metrics in Automated Decision-making: How Much Overlap Is There?}, 
    author={Matthias Kuppler and Christoph Kern and Ruben L. Bach and Frauke Kreuter},
    year={2021},
    eprint={2105.01441},
    archivePrefix={arXiv},
    primaryClass={stat.ML},
    url={https://arxiv.org/abs/2105.01441}, 
}

@misc{CorbettDavies_2023,
    title={The Measure and Mismeasure of Fairness}, 
    author={Sam Corbett-Davies and Johann D. Gaebler and Hamed Nilforoshan and Ravi Shroff and Sharad Goel},
    year={2023},
    eprint={1808.00023},
    archivePrefix={arXiv},
    primaryClass={cs.CY},
    url={https://arxiv.org/abs/1808.00023}, 
}
